2102 2688
166 105 292 158 Avia
320 101 566 161 sidereum
590 111 744 167 caput
767 97 901 150 in'ter
925 96 1098 151 nubila
1126 96 1339 157 condit,'

243 175 556 244 Ae'riurnque
578 173 656 225 ala
688 175 880 245 remige
907 187 1074 225 tranat
1099 173 1222 224 iter:

167 258 292 307 Non
310 249 652 316 aliter,quam
682 247 875 299 summa
892 249 1037 311 Jovis
1068 246 1200 315 petit
1226 243 1354 300 atria
1373 263 1556 317 praepes

236 325 473 378 Phoebaeae
494 321 679 375 volucm
701 323 1017 391 proximiora
1043 322 1156 374 faci.

168 404 264 454 Seu
292 400 429 465 Jovis
456 395 694 466 assurgat,
724 397 803 450 seu
830 399 1005 466 magni
1030 394 1236 450 Caesaris
1263 396 1393 454 aris,

235 478 333 527 Hic
357 468 866 542 quoquessdimidium
893 490 1009 533 curn
1047 474 1175 537 Jove
1201 466 1554 533 Cffarhabet·

163 552 370 604 Scilicet
392 547 664 600 Austriacis
681 557 806 601 Hanc
820 547 981 618 longo
1009 548 1274 600 stemmate
1293 548 1418 599 ceris
1436 582 1449 607 ‚

251 626 411 699 Qod
444 624 601 676 trahit
625 637 815 693 agnato
841 640 955 677 curn
981 640 1137 694 grege
1162 624 1310 693 Corpws
1332 623 1460 674 erit·
1447 656 1464 683 ,

164 712 323 772 Corpws
348 700 462 762 erit,
491 699 711 751 trahitur
729 700 866 765 Jovis
892 699 994 751 ales
1015 701 1198 770 Corpore,
1217 697 1369 749 traxit

238 777 667 843 induperatorum
686 774 852 845 Corpore
866 776 1059 842 primus
1076 777 1258 824 Avem.
1304 812 1306 814 -

163 850 261 902 Isto
290 852 536 901 virtutem
564 865 670 900 non
701 849 899 918 perdit,
923 863 979 901 at
995 862 1147 917 auget
1172 848 1370 908 odore5
1450 867 1454 872 ’

240 927 379 977 Vivit
396 926 518 976 dum
534 926 753 976 Domini
782 923 1112 976 moribusilia
1134 922 1221 974 sui.

163 1003 286 1052 Non
311 1000 532 1085 sequitur
558 999 745 1057 Caesar,
773 999 853 1052 sed
885 998 1088 1052 Caesaris
1115 998 1215 1051 ales
1245 1013 1476 1056 amores,

237 1078 305 1127 Ex
325 1092 427 1144 quo
454 1076 652 1125 virtutis
673 1072 863 1127 semina
893 1075 1063 1127 semen
1083 1073 1257 1127 babet.

166 1152 449 1201 Stemmata
468 1151 589 1216 quid
605 1150 827 1218 prosint,
841 1150 907 1202 ne
929 1165 1116 1219 quaeras
1134 1149 1373 1201 Pontice.
1420 1146 1561 1201 sacrae

235 1227 366 1276 Hinc
391 1225 459 1276 est
481 1225 730 1277 Francisci
734 1225 1046 1290 Nobilitatis
1065 1226 1260 1277 honos.

160 1299 415 1353 Carminis
439 1300 579 1351 haec‘
565 1299 720 1369 1gitur
742 1315 959 1353 maneat
978 1315 1088 1370 pars
1107 1300 1292 1352 ultima
1307 1298 1458 1351 nostri
1479 1319 1490 1352 :

240 1376 357 1428 Hoc
380 1390 588 1443 quoque
614 1393 718 1445 quo
750 1377 972 1429 trahitur
995 1377 1179 1448 Borgia
1205 1376 1354 1447 Corpus
1374 1376 1490 1437 erit.

689 1490 694 1494 ·
750 1480 1035 1566 'Alem

163 1581 267 1652 Qi
295 1584 475 1651 quaeris
492 1560 1112 1646 christumAEranciscum
1134 1607 1329 1660 quaeret
1357 1589 1565 1643 latentis

233 1657 312 1709 Est
335 1659 505 1721 index,
524 1661 648 1713 sicut
678 1665 909 1731 corporis
935 1665 1145 1728 umbra,
1163 1667 1312 1716 DEI.

162 1734 285 1782 Non
308 1733 531 1796 dubitas,
548 1735 786 1790 umbram
813 1755 1049 1803 cernem,
1066 1742 1130 1793 de
1148 1757 1395 1809 corpore:
1428 1756 1639 1794 cernens

230 1807 579 1876 Franciscum,
599 1812 861 1868 Christum
888 1829 995 1867 non
1025 1815 1206 1885 procui
1233 1811 1328 1869 effe
1353 1827 1493 1885 puta.

761 1919 1040 1989 ALIUD.

161 2034 442 2101 Angelicus
477 2038 618 2103 panis
648 2036 801 2104 quam
835 2033 1006 2086 suaves
1029 2034 1237 2101 proijcit
1261 2036 1491 2091 umbras!

231 2108 397 2182 Qeis
425 2111 606 2182 flagrat
623 2111 843 2162 mundus
858 2109 1214 2177 temperatille
1234 2129 1404 2180 rog03.

167 2188 341 2256 Qam
365 2187 496 2238 bene
492 2153 1331 2252 &Franciscuffipanisrequiescitin
1348 2185 1561 2251 umbra,

248 2263 329 2313 Ne
351 2263 570 2315 mundus
588 2262 741 2314 laedat
757 2277 897 2314 totus
925 2262 976 2311 in
994 2261 1111 2331 igne
1136 2261 1300 2319 malo,

869 2399 892 2459 1
1631 2396 1876 2468 SYM-
