2102 2688
164 96 425 149 Lanarum
451 91 610 144 niveis
639 85 878 157 sepelitur
910 97 1044 139 terta
1072 88 1264 156 pruinis

238 169 377 217 Inter
391 164 539 217 &ille
556 166 692 217 nives
709 160 1056 229 semisepultus
1085 177 1208 215 erat.

168 242 312 311 Quid
330 240 555 291 faceret?
589 238 783 308 gelidus
795 235 1035 302 torpebat
1048 233 1247 307 {frigore
1265 235 1460 307 sanguis
1475 270 1491 294 .

234 317 384 366 Artus
413 315 622 382 Riphaeo
648 313 902 381 diriguere
928 309 1068 378 gelu.

164 390 279 441 Nec
307 403 481 439 tamen
507 387 763 439 excutitur
789 384 971 436 somno
998 385 1077 436 cui
1101 388 1250 452 janua
1277 400 1405 435 curae

238 465 403 514 Prima
422 464 585 513 virum
603 495 615 516 ‚
639 478 759 516 narn
787 475 909 510 tunc
927 459 1097 528 preffit
1123 461 1171 512 δι
1197 458 1297 509 alta
1314 458 1477 526 quies.

157 539 274 608 Jam
301 537 532 587 medium
560 536 721 587 tacitae
737 534 1053 586 moderatrix
1069 533 1295 603 Cynthia
1308 533 1477 585 noctis

233 613 388 664 Tac‘ta
417 611 600 662 dolore
617 611 706 662 viri
734 610 1228 677 deproperaratiter.

159 687 216 737 In
248 685 462 737 statione
491 702 666 738 tamen
696 684 936 754 perdurat
957 680 1326 750 Borgia,vultu

180 813 182 816 ,
228 763 350 831 Qo
374 758 536 811 fueras
561 757 1044 826 interSardanapaie
1067 757 1217 809 rosas,

156 834 479 902 Phosphorus
506 835 621 885 Eois
640 835 755 884 cum
789 834 1000 884 tandem
1027 830 1270 900 prospicit
1287 830 1470 901 undis}

230 910 572 977 Vicinumque
600 908 712 960 orbi
736 903 1070 970 nunciatfcffe
1100 908 1271 959 diem:

152 979 443 1051 Diffugiunt
467 982 640 1043 ste11ae;
665 982 811 1034 roseo
838 981 1082 1035 Pallantis
1107 981 1300 1034 amictu

229 1058 491 1110 Promicat
509 1092 523 1119 ,
544 1072 780 1126 optatum
812 1056 914 1108 sole
943 1057 1167 1109 vehente
1191 1057 1370 1124 jubare

151 1131 455 1184 Panduntur
470 1126 632 1198 postes
649 1131 901 1184 reserante
921 1131 1160 1200 repagula
1175 1134 1305 1196 Jano
1319 1164 1338 1194 ‚

226 1209 331 1257 Ore
360 1209 439 1258 cui
466 1206 660 1259 blando
688 1207 898 1275 Borgiaz
934 1209 1124 1265 Frater,
1139 1209 1270 1259 Ave.

149 1279 426 1349 Obstupuit
455 1281 638 1333 Custos
664 1280 839 1333 trifido
864 1280 1004 1333 velut
1028 1280 1156 1332 ierus
1182 1278 1416 1349 abigne'‚

219 1356 281 1406 Et
307 1357 471 1424 prope
490 1353 700 1407 reclusas
726 1355 916 1407 labitur
933 1369 1051 1408 ante
1067 1357 1221 1411 fores.

153 1428 381 1481 Demum
395 1465 409 1490 ,
425 1433 575 1499 quam
595 1431 794 1481 niveam
812 1444 946 1481 ratus
973 1431 1043 1482 est
1060 1429 1106 1480 se
1122 1444 1332 1481 cernere
1349 1426 1550 1481 molem

220 1503 537 1556 Franciscum
556 1503 751 1557 excussa
782 1506 946 1556 cernit
970 1499 1130 1556 adesse
1149 1503 1287 1555 nive.

148 1577 397 1647 Ingemit3
427 1581 454 1630 ὲ
479 1580 692 1648 genibus
721 1579 874 1647 culpae
903 1580 1206 1646 veniamque
1231 1590 1464 1645 precatus

226 1657 286 1703 Se
318 1655 446 1705 tanti
475 1654 664 1706 clamat
689 1653 912 1706 criminis
938 1650 1031 1705 effe
1055 1669 1200 1705 reum
1227 1658 1237 1701 ἔ

147 1727 401 1787 Effectum,
419 1727 621 1794 placido
636 1727 828 1781 rursum
858 1732 1002 1781 Pater
1016 1744 1107 1780 ore
1131 1726 1343 1784 salutat,

223 1804 302 1859 Et,
321 1803 503 1854 nullius
528 1805 598 1856 ait
625 1805 850 1856 criminis
866 1799 958 1856 esse
978 1820 1139 1856 reum.

150 1878 307 1930 Parce
334 1893 474 1930 metu
499 1883 670 1931 Frater
692 1897 709 1941 5
756 1878 1060 1947 vultumque
1084 1876 1421 1946 animumque
1448 1873 1625 1930 serena

221 1953 715 2021 Protinus,excubijs
743 1953 814 2005 nil
843 1968 1086 2006 moveare
1111 1953 1253 2004 meis.

147 2025 369 2077 Delicias
394 2030 527 2079 inter
551 2046 652 2080 nox
675 2030 780 2079 haec
808 2027 933 2079 mihi
958 2027 1107 2080 ducta
1132 2025 1379 2095 jocosque

221 2102 430 2168 Riphaeo
446 2103 644 2172 rigeant
667 2101 854 2171 frigore
877 2101 1112 2155 membra
1137 2101 1277 2152 licet.

147 2175 282 2228 Cum
301 2181 492 2242 jaceret
517 2178 704 2230 coelum
727 2177 951 2246 glaciatae
974 2175 1165 2229 vellera
1182 2173 1438 2245 lymphae,

222 2253 486 2307 Concreto
512 2253 831 2324 opprimeret
861 2253 1047 2324 meque
1074 2252 1251 2323 pruina
1266 2249 1416 2322 gelu:

1663 2322 1857 2379 Crede·
