2102 2688
370 98 498 169 Qae
521 88 810 146 candicanti
834 83 1042 150 dextera
1064 81 1176 140 lilio
1205 94 1208 99 '
1451 147 1458 153 ‚

369 168 652 238 Conjunxit
677 162 880 233 amplos
901 163 1240 231 pennigerum
1265 163 1479 232 greges?

513 246 803 306 Vtrumque
825 237 964 306 quod
990 252 1199 289 carmen
1217 237 1466 289 coronat?

634 317 702 365 At
715 329 806 364 nec
823 326 971 363 arant
987 348 1000 370 ,
1015 328 1181 380 neque
1197 326 1323 363 nent
1338 346 1353 376 ,
1368 311 1638 371 Seruntve.

368 396 552 462 Ignara
583 389 779 439 ducunt
805 386 1037 454 nunquid
1067 386 1128 437 ad
1155 387 1307 438 ocia?

367 473 475 519 Aut
500 465 609 515 sunt
626 463 805 513 inertis
833 461 1044 529 pigritiae
1068 458 1236 512 faces?

515 537 794 603 Assamque
824 552 910 603 per
933 548 1116 587 ventos
1142 532 1445 587 columbam
1480 547 1483 550 “

618 610 886 662 Defidibus
915 609 1133 676 volitare
1161 607 1401 661 suadent?

367 686 592 741 Divosne
623 684 778 737 nescis
809 685 993 736 consta
1019 683 1314 744 laboribuS,

367 766 427 815 Et
451 763 575 830 saepe
605 759 771 811 multo
799 757 1039 827 sanguine
1065 755 1336 809 vendere?

513 837 831 901 Terriimque
857 832 1022 885 vultus
1058 834 1111 884 in
1137 833 1354 884 madore

654 911 712 960 Et
735 924 930 960 veteres
949 904 1152 960 coluisse
1174 908 1379 959 Patres?

369 986 483 1035 Nec
496 981 783 1036 dormienti
811 981 1066 1035 Cerberus
1084 980 1324 1045 Herculi,

370 1061 483 1111 Nec
513 1057 773 1125 pigritanti
798 1056 957 1110 vellus
985 1057 1187 1123 jasoni,

516 1135 629 1183 Nec
649 1135 807 1201 Troja
832 1133 974 1183 cesfit
999 1130 1341 1186 somnolentis
1362 1168 1378 1192 ,
1443 1195 1447 1199 .

660 1210 772 1259 Nec
795 1205 1029 1276 Babylon
1056 1207 1206 1260 datur
1225 1206 1417 1261 otiosis.

375 1285 561 1350 Ignota
588 1283 752 1335 ventis
781 1277 874 1334 assa
894 1280 1221 1340 columbula,

374 1360 670 1426 Carentque
699 1355 835 1408 frixis
862 1371 1068 1425 aequora
1092 1356 1307 1427 piscibus
1325 1390 1342 1420 ,

514 1435 627 1483 Nec
654 1446 786 1483 terra
811 1431 964 1500 pistos
989 1429 1119 1483 ferre
1138 1448 1292 1499 panes

657 1509 809 1558 Sueta
823 1541 837 1567 ,
855 1522 951 1557 nec
966 1505 1037 1558 est
1061 1506 1160 1558 nisi
1184 1504 1321 1557 culta
1339 1501 1526 1575 fruges,
1597 1532 1599 1534 ·

371 1583 443 1633 At
472 1596 526 1631 tu
552 1584 772 1632 Paterna:
807 1581 964 1631 fidere
989 1581 1230 1632 Numinis
1254 1615 1272 1642 ‚
1321 1619 1333 1626 .

373 1654 653 1717 francisce,
672 1656 856 1708 dextrae
883 1671 1053 1723 perge,
1071 1653 1386 1707 famentibus

518 1733 641 1782 Haec
666 1731 843 1782 dextra
870 1727 1403 1796 succurrit,jubetque

661 1804 915 1857 Sollicitas
943 1804 1119 1873 procul
1143 1801 1239 1855 effe
1263 1813 1418 1855 curam

383 1878 842 1932 Corvisministrat
868 1879 1053 1947 pabula
1080 1877 1333 1947 parvum,
1416 1881 1421 1897 ²

381 1950 627 2025 Byffoc'lue
644 1956 789 2006 vestit
813 1953 912 2004 lilia
926 1989 941 2016 ,
960 1952 1185 2024 Regibus
1358 1947 1366 1952 ’

533 2032 590 2079 In
618 2028 783 2097 gioria
814 2032 1008 2094 majora
1037 2029 1275 2091 sumaih,

660 2104 868 2170 Delicijs
898 2103 1106 2171 potiora
1126 2102 1332 2166 multis,

384 2175 628 2227 Exhausta
654 2179 819 2230 cernis
847 2177 956 2230 vasa
979 2176 1289 2246 liquoribus,

384 2252 685 2317 Penumque
711 2254 872 2305 Codri
904 2252 1169 2304 stemmate
1193 2248 1425 2304 nobilem
1450 2249 1469 2300 ἰ

536 2325 626 2378 Nil
657 2326 802 2384 fibra,
835 2325 906 2377 nil
936 2328 1074 2379 horti
1101 2327 1420 2379 ministrant:

661 2402 780 2455 Fide
795 2404 954 2467 DEO,
972 2405 1116 2457 Pater
1129 2403 1212 2460 est,
1233 2399 1443 2470 juvabit.

1665 2392 1861 2460 Justum
